<record><leader>00000cas a2200000 a 4500</leader><controlfield tag="001">27653703</controlfield><controlfield tag="008">930302d18771881iluwr ne      0   a0eng c</controlfield><datafield ind1=" " ind2=" " tag="010"><subfield code="a">sn 93055619 </subfield></datafield><datafield ind1=" " ind2=" " tag="040"><subfield code="a">NVF</subfield><subfield code="b">eng</subfield><subfield code="c">NVF</subfield><subfield code="d">OCLCQ</subfield><subfield code="d">NVF</subfield><subfield code="d">OCLCO</subfield><subfield code="d">OCLCA</subfield><subfield code="d">OCLCF</subfield><subfield code="d">NVF</subfield><subfield code="d">OCLCO</subfield><subfield code="d">OCLCA</subfield></datafield><datafield ind1="1" ind2=" " tag="029"><subfield code="a">AU@</subfield><subfield code="b">000020739820</subfield></datafield><datafield ind1=" " ind2=" " tag="042"><subfield code="a">pcc</subfield></datafield><datafield ind1=" " ind2=" " tag="043"><subfield code="a">n-us-il</subfield></datafield><datafield ind1="0" ind2="4" tag="245"><subfield code="a">The farmer and fruit grower.</subfield></datafield><datafield ind1=" " ind2=" " tag="260"><subfield code="a">Anna, Union Co., Ill. :</subfield><subfield code="b">Harvey C. Bouton,</subfield><subfield code="c">1877-1881.</subfield></datafield><datafield ind1=" " ind2=" " tag="300"><subfield code="a">v. :</subfield><subfield code="b">ill.</subfield></datafield><datafield ind1=" " ind2=" " tag="310"><subfield code="a">Weekly,</subfield><subfield code="b">&lt;Nov. 28, 1877&gt;-Oct, 5, 1881</subfield></datafield><datafield ind1=" " ind2=" " tag="321"><subfield code="a">Monthly,</subfield><subfield code="b">&lt;&gt;-Oct. 1877</subfield></datafield><datafield ind1="1" ind2=" " tag="362"><subfield code="a">Began in 1877.</subfield></datafield><datafield ind1="0" ind2=" " tag="362"><subfield code="a">-v. 5, no. 213 (Oct. 5, 1881).</subfield></datafield><datafield ind1=" " ind2=" " tag="588"><subfield code="a">Description based on: Volume 1, number 13 (Nov. 28, 1877).</subfield></datafield><datafield ind1=" " ind2="0" tag="650"><subfield code="a">Farmers</subfield><subfield code="z">Illinois</subfield><subfield code="v">Newspapers.</subfield></datafield><datafield ind1=" " ind2="0" tag="650"><subfield code="a">Fruit growers</subfield><subfield code="z">Illinois</subfield><subfield code="v">Newspapers.</subfield></datafield><datafield ind1=" " ind2="0" tag="650"><subfield code="a">Gardeners</subfield><subfield code="z">Illinois</subfield><subfield code="v">Newspapers.</subfield></datafield><datafield ind1=" " ind2="0" tag="650"><subfield code="a">Horticulture</subfield><subfield code="z">Illinois</subfield><subfield code="v">Newspapers.</subfield></datafield><datafield ind1=" " ind2="0" tag="650"><subfield code="a">Farm managers</subfield><subfield code="z">Illinois</subfield><subfield code="v">Newspapers.</subfield></datafield><datafield ind1=" " ind2="0" tag="650"><subfield code="a">Agriculture</subfield><subfield code="z">Illinois</subfield><subfield code="v">Newspapers.</subfield></datafield><datafield ind1=" " ind2="0" tag="651"><subfield code="a">Anna (Ill.)</subfield><subfield code="v">Newspapers.</subfield></datafield><datafield ind1=" " ind2="0" tag="651"><subfield code="a">Union County (Ill.)</subfield><subfield code="v">Newspapers.</subfield></datafield><datafield ind1=" " ind2="0" tag="651"><subfield code="a">Downstate Illinois (Ill.)</subfield><subfield code="v">Newspapers.</subfield></datafield><datafield ind1=" " ind2="0" tag="651"><subfield code="a">Southern Illinois (Ill.)</subfield><subfield code="v">Newspapers.</subfield></datafield><datafield ind1=" " ind2="7" tag="650"><subfield code="a">Agriculture.</subfield><subfield code="2">fast</subfield><subfield code="0">(OCoLC)fst00801355</subfield></datafield><datafield ind1=" " ind2="7" tag="650"><subfield code="a">Farm managers.</subfield><subfield code="2">fast</subfield><subfield code="0">(OCoLC)fst00921110</subfield></datafield><datafield ind1=" " ind2="7" tag="650"><subfield code="a">Farmers.</subfield><subfield code="2">fast</subfield><subfield code="0">(OCoLC)fst00921321</subfield></datafield><datafield ind1=" " ind2="7" tag="650"><subfield code="a">Fruit growers.</subfield><subfield code="2">fast</subfield><subfield code="0">(OCoLC)fst00935666</subfield></datafield><datafield ind1=" " ind2="7" tag="650"><subfield code="a">Gardeners.</subfield><subfield code="2">fast</subfield><subfield code="0">(OCoLC)fst00937845</subfield></datafield><datafield ind1=" " ind2="7" tag="650"><subfield code="a">Horticulture.</subfield><subfield code="2">fast</subfield><subfield code="0">(OCoLC)fst00960791</subfield></datafield><datafield ind1=" " ind2="7" tag="651"><subfield code="a">Illinois.</subfield><subfield code="2">fast</subfield><subfield code="0">(OCoLC)fst01205143</subfield></datafield><datafield ind1=" " ind2="7" tag="651"><subfield code="a">Illinois</subfield><subfield code="z">Anna.</subfield><subfield code="2">fast</subfield><subfield code="0">(OCoLC)fst01287694</subfield></datafield><datafield ind1=" " ind2="7" tag="651"><subfield code="a">Illinois</subfield><subfield code="z">Downstate Illinois.</subfield><subfield code="2">fast</subfield><subfield code="0">(OCoLC)fst01302402</subfield></datafield><datafield ind1=" " ind2="7" tag="651"><subfield code="a">Illinois</subfield><subfield code="z">Union County.</subfield><subfield code="2">fast</subfield><subfield code="0">(OCoLC)fst01208093</subfield></datafield><datafield ind1=" " ind2="7" tag="655"><subfield code="a">Newspapers.</subfield><subfield code="2">fast</subfield><subfield code="0">(OCoLC)fst01423814</subfield></datafield><datafield ind1=" " ind2=" " tag="752"><subfield code="a">United States</subfield><subfield code="b">Illinois</subfield><subfield code="c">Union</subfield><subfield code="d">Anna.</subfield></datafield><datafield ind1="0" ind2="0" tag="785"><subfield code="t">Farmer and fruit grower of Southern Illinois</subfield><subfield code="w">(DLC)sn 93055620</subfield><subfield code="w">(OCoLC)27654012</subfield></datafield></record>